
@incollection{allen2008introduction,
  title={An introduction to stochastic epidemic models},
  author="L.J.S. {Allen}",
  booktitle="{M}athematical {E}pidemiology",
  pages={81--130},
  year={2008},
  publisher={Springer, New York}
}

@article{fearnhead2014,
  title="Inference for reaction networks using the linear noise approximation",
  author="P. {Fearnhead} and V. {Giagos} and C. {Sherlock}",
  journal={Biometrics},
  volume={70},
  pages={457--466},
  year={2014},
  publisher={Wiley Online Library}
}

@article{fintzi2017efficient,
  title={Efficient data augmentation for fitting stochastic epidemic models to prevalence data},
  author="J. {Fintzi} and X. {Cui} and J. {Wakefield} and V.N. {Minin}",
  journal={Journal of Computational and Graphical Statistics},
  volume={26},
  pages={918--929},
  year={2017},
  publisher={Taylor \& Francis}
}

@article{golightly2015delayed,
  title="Delayed acceptance particle {MCMC} for exact inference in stochastic kinetic models",
  author="A. {Golightly} and D.A. {Henderson} and C. {Sherlock}",
  journal={Statistics and Computing},
  volume={25},
  number={5},
  pages={1039--1055},
  year={2015},
  publisher={Springer}
}

@article{komorowski2009,
  title="Bayesian inference of biochemical kinetic parameters using the linear noise approximation",
  author="M. {Komorowski} and B. {Finkenst{\"a}dt} and C.V. {Harper} and D.A. {Rand}",
  journal={BMC Bioinformatics},
  volume={10},
  pages={343},
  year={2009},
  publisher={BioMed Central}
}

@article{murray2010,
  title="Elliptical slice sampling",
  author="I. {Murray} and R.P. {Adams} and D.J.C. {MacKay}",
  journal={JMLR: W\&CP},
  volume={9},
  pages={541--548},
  year={2010}
}

@article{neal2005case,
  title={A case study in non-centering for data augmentation: stochastic epidemics},
  author="P. {Neal} and G.O. {Roberts}",
  journal={Statistics and Computing},
  volume={15},
  pages={315--327},
  year={2005},
  publisher={Springer}
}


@article{oneill2010,
  title="Introduction and snapshot review: relating infectious disease transmission models to data",
  author="P.D. {O'Neill}",
  journal={Statistics in Medicine},
  volume={29},
  pages={2069--2077},
  year={2010},
  publisher={Wiley Online Library}
}
